@misc{angle2011interactive,
  title={Interactive Computer Graphics: A Top-Down Approach with Shader-Based {O}pen{GL}},
  author={Angle, E and Shreiner, D},
  year={2011},
  publisher={Bos?ton, Massachusetts: Addison-Wesley}
}
@article{wei2005crash,
  title={A crash course on programmable graphics hardware},
  author={Wei, Li-Yi},
  journal={Microsoft Research Asia, Tsinghua University, Beijing},
  year={2005}
}