
@inproceedings{whitted2005improved,
  title={An improved illumination model for shaded display},
  author={Whitted, Turner},
  booktitle={ACM Siggraph 2005 Courses},
  pages={4},
  year={2005},
  organization={ACM}
}

@inproceedings{karras2012maximizing,
  title={Maximizing parallelism in the construction of BVHs, octrees, and k-d trees},
  author={Karras, Tero},
  booktitle={Proceedings of the Fourth ACM SIGGRAPH/Eurographics conference on High-Performance Graphics},
  pages={33--37},
  year={2012},
  organization={Eurographics Association}
}
@article{hachisuka2015implementing,
  title={Implementing a Photorealistic Rendering System using GLSL},
  author={Hachisuka, Toshiya},
  journal={arXiv preprint arXiv:1505.06022},
  year={2015}
}